
@inproceedings{MiculanPT15,
  author    = {Marino Miculan and Marco Peressotti and Andrea Toneguzzo},
  title     = {{Open Transactions on Shared Memory}},
  booktitle = {
    {Proceedings of the 10th Conference on Coordination Models and Languages}
  },
  pages     = {213--229},
  year      = {2015},
  doi       = {10.1007/978-3-319-19282-6_14}
}